@article{agostinelli2007,
  title={Robust estimation for circular data},
  author={Agostinelli, Claudio},
  journal={Computational Statistics \& Data Analysis},
  volume={51},
  number={12},
  pages={5867--5875},
  year={2007},
  publisher={Elsevier}
}

@article{bagchi1990,
  title={Spuriosity and outliers in directional data},
  author={Bagchi, Parthasarathy and Guttman, Irwin},
  journal={Journal of Applied Statistics},
  volume={17},
  number={3},
  pages={341--350},
  year={1990},
  publisher={Taylor \& Francis}
}

@book{barnett1994,
  title={Outliers in statistical data},
  author={Barnett, Vic and Lewis, Toby},
  volume={3},
  year={1994},
  publisher={Wiley New York}
}

@article{basu1998,
  title={Robust and efficient estimation by minimising a density power divergence},
  author={Basu, Ayanendranath and Harris, Ian R and Hjort, Nils L and Jones, MC},
  journal={Biometrika},
  volume={85},
  number={3},
  pages={549--559},
  year={1998},
  publisher={Biometrika Trust}
}

@article{best1986,
  title={GOODNESS-OF-FIT AND DISCORDANCY TESTS FOR SAMPLES FROM THE WATSON DISTRIBUTION ON THE SPHERE},
  author={Best, DJ and Fisher, NI},
  journal={Australian Journal of Statistics},
  volume={28},
  number={1},
  pages={13--31},
  year={1986},
  publisher={Wiley Online Library}
}

@article{bingham2012,
  title={Bayes Inference for a Tractable New Class of Non-symmetric Distributions for 3-Dimensional Rotations},
  author={Bingham, Melissa A and Nordman, Daniel J and Vardeman, Stephen B},
  journal={Journal of agricultural, biological, and environmental statistics},
  volume={17},
  number={4},
  pages={527--543},
  year={2012},
  publisher={Springer}
}

@article{chikkagoudar1980,
  title={Estimation of the mean of an exponential distribution in the presence of an outlier},
  author={Chikkagoudar, MS and Kunchur, SH},
  journal={Canadian Journal of Statistics},
  volume={8},
  number={1},
  pages={59--63},
  year={1980},
  publisher={Wiley Online Library}
}

@article{collett1980,
  title={Outliers in circular data},
  author={Collett, D},
  journal={Applied Statistics},
  pages={50--57},
  year={1980},
  publisher={JSTOR}
}

@article{ducharme1987,
  title={Some asymptotic properties of the circular median},
  author={Ducharme, Gilles R and Milasevic, Philip},
  journal={Communications in Statistics-Theory and Methods},
  volume={16},
  number={3},
  pages={659--664},
  year={1987},
  publisher={Taylor \& Francis}
}

@article{figueiredo2005,
  title={Discordancy test for the bipolar Watson distribution defined on the hypersphere},
  author={Figueiredo, Adelaide and Gomes, Paulo},
  journal={Communications in Statistics—Simulation and Computation},
  volume={34},
  number={1},
  pages={145--153},
  year={2005},
  publisher={Taylor \& Francis}
}

@article{figueiredo2007,
  title={Discordancy tests based on the likelihood ratio for the bipolar watson distribution on the hypersphere},
  author={Figueiredo, Adelaide},
  journal={Communications in Statistics—Simulation and Computation},
  volume={36},
  number={2},
  pages={413--421},
  year={2007},
  publisher={Taylor \& Francis}
}

@article{fisher1981,
  title={Tests of discordancy for samples from Fisher's distribution on the sphere},
  author={Fisher, NI and Lewis, T and Willcox, ME},
  journal={Applied Statistiss},
  pages={230--237},
  year={1981},
  publisher={JSTOR}
}

@article{fisher1982,
  title={Robust estimation of the concentration parameter of Fisher's distribution on the sphere},
  author={Fisher, NI},
  journal={Applied Statistics},
  pages={152--154},
  year={1982},
  publisher={JSTOR}
}

@book{fisher1987,
  title={Statistical analysis of spherical data},
  author={Fisher, Nicholas I and Lewis, Toby and Embleton, Brian JJ},
  year={1987},
  publisher={Cambridge University Press}
}

@inproceedings{fletcher2008,
  title={Robust statistics on Riemannian manifolds via the geometric median},
  author={Fletcher, P Thomas and Venkatasubramanian, Suresh and Joshi, Sarang},
  booktitle={Computer Vision and Pattern Recognition, 2008. CVPR 2008. IEEE Conference on},
  pages={1--8},
  year={2008},
  organization={IEEE}
}

@book{hampel2011,
  title={Robust statistics: the approach based on influence functions},
  author={Hampel, Frank R and Ronchetti, Elvezio M and Rousseeuw, Peter J and Stahel, Werner A},
  year={2011},
  publisher={Wiley \& Sons},
  address={New York}
}

@article{he1992,
  title={Robust Direction Estimation},
  author={He, Xuming and Simpson, Douglas G},
  journal={The Annals of Statistics},
  volume={20},
  number={1},
  pages={351--369},
  year={1992},
  publisher={Institute of Mathematical Statistics}
}

@book{huber2009,
    author    = {Huber, Peter and Ronchetti, Elvezio},
    title     = {Robust Statistics},
    edition   = {Second},
    year      = {2009},
    publisher = {John Wiley \& Sons},
    address   = {Hoboken, New Jersey}
}

@article{jones2001,
  title={A comparison of related density-based minimum divergence estimators},
  author={Jones, M Chris and Hjort, Nils Lid and Harris, Ian R and Basu, Ayanendranath},
  journal={Biometrika},
  volume={88},
  number={3},
  pages={865--873},
  year={2001},
  publisher={Biometrika Trust}
}

@article{kato2012,
  title={Robust estimation of location and concentration parameters for the von Mises-Fisher distribution},
  author={Kato, Shogo and Eguchi, Shinto},
  journal={arXiv preprint arXiv:1201.6476},
  year={2012}
}

@article{kimber1985,
  title={A note on the detection and accommodation of outliers relative to Fisher's distribution on the sphere},
  author={Kimber, AC},
  journal={Applied statistics},
  pages={169--172},
  year={1985},
  publisher={JSTOR}
}

@article{ko1988,
  title={Robustness of estimators for directional data},
  author={Ko, Daijin and Guttorp, Peter},
  journal={The Annals of Statistics},
  volume={16},
  number={2},
  pages={609--618},
  year={1988},
  publisher={Institute of Mathematical Statistics}
}

@article{ko1992,
  title={Robust estimation of the concentration parameter of the von Mises-Fisher distribution},
  author={Ko, Daijin},
  journal={The Annals of Statistics},
  volume={20},
  number={2},
  pages={917--928},
  year={1992},
  publisher={Institute of Mathematical Statistics}
}

@article{ko1993,
  title={Robust M-Estimators on Spheres},
  author={Ko, DJ and Chang, T},
  journal={Journal of Multivariate Analysis},
  volume={45},
  number={1},
  pages={104--136},
  year={1993},
  publisher={Elsevier}
}

@article{laha2011,
  title={SB-robustness of directional mean for circular distributions},
  author={Laha, Arnab Kumar and Mahesh, KC},
  journal={Journal of Statistical Planning and Inference},
  volume={141},
  number={3},
  pages={1269--1276},
  year={2011},
  publisher={Elsevier}
}

@article{laha2013,
  title={SB-Robust Estimators of the Parameters of the Wrapped Normal Distribution},
  author={Laha, Arnab Kumar and Mahesh, KC and Ghosh, Dilip Kumar},
  journal={Communications in Statistics-Theory and Methods},
  volume={42},
  number={4},
  pages={660--672},
  year={2013},
  publisher={Taylor \& Francis}
}

@article{lenth1981,
  title={Robust measures of location for directional data},
  author={Lenth, Russell V},
  journal={Technometrics},
  volume={23},
  number={1},
  pages={77--81},
  year={1981},
  publisher={Taylor \& Francis Group}
}

@article{lewis1982,
  title={Graphical methods for investigating the fit of a Fisher distribution to spherical data},
  author={Lewis, Toby and Fisher, Nicholas I},
  journal={Geophysical Journal International},
  volume={69},
  number={1},
  pages={1--13},
  year={1982},
  publisher={Oxford University Press}
}

@article{mardia1975,
  title={Statistics of directional data},
  author={Mardia, Kanti V},
  journal={Journal of the Royal Statistical Society. Series B (Methodological)},
  pages={349--393},
  year={1975},
  publisher={JSTOR}
}

@book{mardia2009,
  title={Directional statistics},
  author={Mardia, Kanti V and Jupp, Peter E},
  volume={494},
  year={2009},
  publisher={John Wiley \& Sons, Inc.}
}

@phdthesis{otieno2002,
  title={An alternative estimate of preferred direction for circular data},
  author={Otieno, Bennett Sango},
  year={2002},
  school={Virginia Polytechnic Institute and State University}
}

@article{rivest1989,
  title={Spherical regression for concentrated Fisher-von Mises distributions},
  author={Rivest, Louis-Paul},
  journal={The Annals of Statistics},
  pages={307--317},
  year={1989},
  publisher={JSTOR}
}

@misc{watson1983,
  title={Statistics on spheres, vol. 6 of University of Arkansas Lecture Notes in the Mathematical Sciences},
  author={Watson, Geoffrey S},
  year={1983},
  publisher={John Wiley \& Sons, New York, NY, USA}
}

@article{watson1986,
  title={Some estimation theory on the sphere},
  author={Watson, GS},
  journal={Annals of the Institute of Statistical Mathematics},
  volume={38},
  number={1},
  pages={263--275},
  year={1986},
  publisher={Springer}
}

@article{wehrly1981,
  title={Influence curves of estimators for directional data},
  author={Wehrly, Thomas E and Shine, Eugene P},
  journal={Biometrika},
  volume={68},
  number={1},
  pages={334--335},
  year={1981},
  publisher={Biometrika Trust}
}